% Encoding: UTF-8

@Article{key = {Ho1998},
  author    = {Tin Kam Ho},
  title     = {The random subspace method for constructing decision forests},
  journal   = {{IEEE} Transactions on Pattern Analysis and Machine Intelligence},
  year      = {1998},
  volume    = {20},
  number    = {8},
  pages     = {832--844},
  doi       = {10.1109/34.709601},
  publisher = {Institute of Electrical and Electronics Engineers ({IEEE})},
}

@Book{Hastie2003,
  author    = {Trevor Hastie and Robert Tibshirani and Jerome Friedman},
  title     = {The Elements of Statistical Learning: Data Mining, Inference, and Prediction (Springer Series in Statistics)},
  year      = {2003},
  publisher = {Springer},
  isbn      = {0-387-95284-5},
  url       = {https://www.amazon.com/Elements-Statistical-Learning-Prediction-Statistics/dp/0387952845?SubscriptionId=0JYN1NVW651KCA56C102&tag=techkie-20&linkCode=xm2&camp=2025&creative=165953&creativeASIN=0387952845},
}

@Comment{jabref-meta: databaseType:biblatex;}
